<?xml version="1.0" encoding="utf-8"?>
<record xmlns="http://www.loc.gov/MARC21/slim" xmlns:xsi="http://www.w3.org/2001/XMLSchema-instance" xsi:schemaLocation="http://www.loc.gov/MARC21/slim http://www.loc.gov/standards/marcxml/schema/MARC21slim.xsd">
	<leader>
		02044nam a2200397   4500
	</leader>
	<controlfield tag="001">
		3867177
	</controlfield>
	<controlfield tag="003">
		NjP
	</controlfield>
	<controlfield tag="006">
		m        d        
	</controlfield>
	<controlfield tag="007">
		cr cn |||m|||a
	</controlfield>
	<controlfield tag="008">
		151002m1937uuuuua      o     000 0 arard
	</controlfield>
	<datafield ind1=" " ind2=" " tag="040">
		<subfield code="a">
			NNU
		</subfield>
		<subfield code="b">
			eng
		</subfield>
		<subfield code="e">
			rda
		</subfield>
		<subfield code="c">
			NNU
		</subfield>
	</datafield>
	<datafield ind1=" " ind2="4" tag="050">
		<subfield code="a">
			PJ7510
		</subfield>
		<subfield code="b">
			.M992
		</subfield>
	</datafield>
	<datafield ind1="1" ind2=" " tag="100">
		<subfield code="6">
			880-01
		</subfield>
		<subfield code="a">
			Muṣṭafá, Maḥmūd.
		</subfield>
	</datafield>
	<datafield ind1="1" ind2="3" tag="245">
		<subfield code="a">
			al-Adab al-ʻArabī wa-tārīkhih /
		</subfield>
		<subfield code="c">
			taʼlīf Maḥmūd Muṣṭafá.
		</subfield>
	</datafield>
	<datafield ind1=" " ind2=" " tag="250">
		<subfield code="6">
			880-02
		</subfield>
		<subfield code="a">
			al-Ṭabʻah 2.
		</subfield>
	</datafield>
	<datafield ind1=" " ind2=" " tag="260">
		<subfield code="a">
			Miṣr :
		</subfield>
		<subfield code="b">
			Muṣṭafá al-Bābī al-Ḥalabī,
		</subfield>
		<subfield code="c">
			1937-
		</subfield>
	</datafield>
	<datafield ind1=" " ind2=" " tag="300">
		<subfield code="a">
			online resource (volumes)
		</subfield>
	</datafield>
	<datafield ind1=" " ind2=" " tag="336">
		<subfield code="a">
			text
		</subfield>
		<subfield code="2">
			rdacontent
		</subfield>
	</datafield>
	<datafield ind1=" " ind2=" " tag="337">
		<subfield code="a">
			computer
		</subfield>
		<subfield code="2">
			rdamedia
		</subfield>
	</datafield>
	<datafield ind1=" " ind2=" " tag="338">
		<subfield code="a">
			online resource
		</subfield>
		<subfield code="2">
			rdacarrier
		</subfield>
	</datafield>
	<datafield ind1=" " ind2=" " tag="500">
		<subfield code="a">
			Part of the Arabic Collections Online (ACO) project, contributed by Princeton University Libraries.
		</subfield>
	</datafield>
	<datafield ind1="0" ind2=" " tag="505">
		<subfield code="a">
			1. Fī ʻaṣray ṣadr al-Islām wa-al-Dawlah al-Umawīyah -- 2. Fī al-ʻaṣr al-ʻAbbāsī.
		</subfield>
	</datafield>
	<datafield ind1=" " ind2=" " tag="533">
		<subfield code="a">
			Electronic reproduction.
		</subfield>
		<subfield code="b">
			New York, N.Y. :
		</subfield>
		<subfield code="c">
			New York University,
		</subfield>
		<subfield code="d">
			2015.
		</subfield>
		<subfield code="5">
			NNU
		</subfield>
	</datafield>
	<datafield ind1=" " ind2="0" tag="650">
		<subfield code="a">
			Arabic literature
		</subfield>
		<subfield code="x">
			History and criticism.
		</subfield>
	</datafield>
	<datafield ind1=" " ind2="7" tag="650">
		<subfield code="a">
			Arabic literature.
		</subfield>
		<subfield code="2">
			fast
		</subfield>
		<subfield code="0">
			(OCoLC)fst00812478
		</subfield>
	</datafield>
	<datafield ind1=" " ind2="7" tag="655">
		<subfield code="a">
			Criticism, interpretation, etc.
		</subfield>
		<subfield code="2">
			fast
		</subfield>
		<subfield code="0">
			(OCoLC)fst01411635
		</subfield>
	</datafield>
	<datafield ind1="2" ind2=" " tag="710">
		<subfield code="a">
			Princeton University.
		</subfield>
		<subfield code="b">
			Library.
		</subfield>
	</datafield>
	<datafield ind1="0" ind2=" " tag="730">
		<subfield code="a">
			Arabic Collections Online.
		</subfield>
	</datafield>
	<datafield ind1="0" ind2="8" tag="776">
		<subfield code="i">
			Print version:
		</subfield>
		<subfield code="a">
			Muṣṭafá, Maḥmūd.
		</subfield>
		<subfield code="t">
			al-Adab al-ʻArabī wa-tārīkhih
		</subfield>
		<subfield code="w">
			(NjP)3867177
		</subfield>
		<subfield code="w">
			(OCoLC)44796040
		</subfield>
	</datafield>
	<datafield ind1="4" ind2="0" tag="856">
		<subfield code="u">
			http://hdl.handle.net/2333.1/7m0cg1mz
		</subfield>
	</datafield>
	<datafield ind1="1" ind2=" " tag="880">
		<subfield code="6">
			100-01/r
		</subfield>
		<subfield code="a">
			مصطفى، محمود.
		</subfield>
	</datafield>
	<datafield ind1="1" ind2="2" tag="880">
		<subfield code="6">
			245-00/r
		</subfield>
		<subfield code="a">
			الأدب العربي وتاريخه /
		</subfield>
		<subfield code="c">
			تأليف محمود مصطفى.
		</subfield>
	</datafield>
	<datafield ind1=" " ind2=" " tag="880">
		<subfield code="6">
			250-02/r
		</subfield>
		<subfield code="a">
			الطبعة ٢.، بها زيادات كثيرة مع شرح جميع النصوص شرحا ًلغويا ًبلاغيا.ً.
		</subfield>
	</datafield>
	<datafield ind1=" " ind2=" " tag="880">
		<subfield code="6">
			260-00/r
		</subfield>
		<subfield code="a">
			مصر :
		</subfield>
		<subfield code="b">
			مطبعة مصطفى البابي الحلبي،
		</subfield>
		<subfield code="c">
			١٩٣٧.
		</subfield>
	</datafield>
	<datafield ind1=" " ind2=" " tag="959">
		<subfield code="a">
			NNU
		</subfield>
		<subfield code="b">
			WEB
		</subfield>
		<subfield code="c">
			GENI
		</subfield>
		<subfield code="t">
			0
		</subfield>
		<subfield code="m">
			Electronic access
		</subfield>
		<subfield code="s">
			01
		</subfield>
	</datafield>
	<datafield ind1=" " ind2=" " tag="999">
		<subfield code="i">
			NjP_3867177
		</subfield>
		<subfield code="o">
			(OCoLC)ocm44796040 
		</subfield>
		<subfield code="s">
			princeton_aco000130:vol.1
		</subfield>
		<subfield code="s">
			princeton_aco000131:vol.2
		</subfield>
		<subfield code="s">
			princeton_aco000132:vol.3
		</subfield>
		<subfield code="e">
			(ERROR-880)
		</subfield>
	</datafield>
</record>
